<record><leader>00000cas a22000007a 4500</leader><controlfield tag="001">26075423</controlfield><controlfield tag="008">920624d19371939wyuwr ne      0    0eng d</controlfield><datafield ind1=" " ind2=" " tag="010"><subfield code="a">sn 92067117 </subfield></datafield><datafield ind1=" " ind2=" " tag="040"><subfield code="a">NVO</subfield><subfield code="b">eng</subfield><subfield code="c">NVO</subfield><subfield code="d">OCLCQ</subfield></datafield><datafield ind1=" " ind2=" " tag="042"><subfield code="a">msc</subfield></datafield><datafield ind1="0" ind2="4" tag="245"><subfield code="a">The Riverton reporter and the Fremont County independent.</subfield></datafield><datafield ind1="3" ind2="0" tag="246"><subfield code="a">Riverton reporter</subfield></datafield><datafield ind1=" " ind2=" " tag="260"><subfield code="a">Riverton, Wyo. :</subfield><subfield code="b">O.S. Finch, A.J. Campbell</subfield></datafield><datafield ind1=" " ind2=" " tag="300"><subfield code="a">v.</subfield></datafield><datafield ind1=" " ind2=" " tag="310"><subfield code="a">Weekly</subfield></datafield><datafield ind1="0" ind2=" " tag="362"><subfield code="a">Vol. 11, no. 48 (July 29, 1937)-v. 14, no. 3 (Sept. 14, 1939).</subfield></datafield><datafield ind1=" " ind2=" " tag="500"><subfield code="a">Published in Riverton and Shoshoni, Wyo., July-Aug. 1937.</subfield></datafield><datafield ind1=" " ind2="4" tag="651"><subfield code="a">Riverton (Wyo.)</subfield><subfield code="v">Newspapers.</subfield></datafield><datafield ind1=" " ind2="4" tag="651"><subfield code="a">Shoshoni (Wyo.)</subfield><subfield code="v">Newspapers.</subfield></datafield><datafield ind1=" " ind2="4" tag="651"><subfield code="a">Fremont County (Wyo.)</subfield><subfield code="v">Newspapers.</subfield></datafield><datafield ind1=" " ind2=" " tag="752"><subfield code="a">United States</subfield><subfield code="b">Wyoming</subfield><subfield code="c">Fremont</subfield><subfield code="d">Riverton.</subfield></datafield><datafield ind1="0" ind2="0" tag="780"><subfield code="t">Fremont County independent (Shoshoni, Wyo.)</subfield><subfield code="w">(DLC)sn 92067119</subfield></datafield><datafield ind1="0" ind2="0" tag="785"><subfield code="t">Riverton press, the Riverton reporter and the Fremont County independent</subfield><subfield code="w">(DLC)sn 92067116</subfield></datafield></record>